@misc{bjuwebsite,
			howpublished = "\url{http://www.hopkinssports.com/bluejays-unlimited/}",
			title = "{B}lue {J}ays {U}nlimited - {J}ohns {H}opkins {O}fficial {A}thletics {S}ite",
			note = {Accessed: 10/12/2012}
}

@misc{wiki,
			howpublished = "\url{http://en.wikipedia.org/wiki/Homewood_Field}",
      title = "{H}omewood {F}ield",
      note = {Accessed: 10/12/2012}
      
}
